<?xml version="1.0" encoding="UTF-8"?><collection xmlns="http://www.loc.gov/MARC21/slim"><record><leader>00378nam--2200133-i-4500</leader><controlfield tag="001">000016011</controlfield><controlfield tag="002">20161230</controlfield><controlfield tag="005">20161230201031</controlfield><controlfield tag="008">060222s1000------------r-----000-0-eng-d</controlfield><datafield ind1=" " ind2=" " tag="100"><subfield code="a">Costa De Beauregard, O</subfield></datafield><datafield ind1=" " ind2=" " tag="245"><subfield code="a">Le second principe de la science du temps. entropie, information, irreversibilitie</subfield></datafield><datafield ind1=" " ind2=" " tag="260"><subfield code="a">Paris, Editions Du Seuil, 1963</subfield></datafield><datafield ind1=" " ind2=" " tag="490"><subfield code="a">157p</subfield></datafield><datafield ind1=" " ind2=" " tag="852"><subfield code="a">530.12</subfield></datafield></record></collection>